2583 3423
0 846 53 917 ’ἱί
47 927 50 929 ,

0 349 87 439 {55
145 361 392 429 qui—,armis
416 369 609 419 steterint
643 372 854 429 populos
868 372 986 414 cultu
1024 376 1153 425 atque
1190 371 1453 414 humanitate
1482 371 1738 437 perpolitos,
1788 371 1816 411 ii
1864 374 1926 412 sic
1965 372 2186 414 vincantur
2223 372 2275 414 ab
2307 371 2403 415 illis

33 447 39 451 ”
82 433 118 455 ’ἢ
90 435 366 510 &quasi
380 457 442 500 in
435 447 650 499 astatium
682 456 846 508 ereptae-
870 443 1076 496 libertatis
1105 465 1255 503 eorum
1290 453 1383 495 vitae
1414 452 1621 494 rationem
1653 451 1748 505 plus
1780 452 1981 508 minusve
2001 457 2246 506 sequantur.
2321 453 2404 496 Sed

82 511 325 584 stantum
342 535 480 585 abest,
520 535 584 577 ut
616 534 759 577 dicam
797 536 889 576 tum
925 533 1098 576 demum
1135 531 1318 589 coepisse
1355 532 1479 574 ludos
1520 543 1666 574 sacros
1704 531 1816 585 apud
1854 531 2091 593 Romanos
2110 535 2152 574 in
2185 545 2264 574 usu
2295 545 2404 581 esse,

125 615 204 659 ut
211 619 316 657 eos²
329 625 384 657 ex
414 614 488 657 illo
517 617 712 683 tempore
742 612 1105 667 magnificentiore
1135 616 1339 667 apparatu
1370 612 1507 654 editos
1538 615 1581 653 et
1598 612 1724 654 certis
1742 612 1894 664 quibus
1900 612 1995 654 dam
2012 613 2170 667 regulis
2187 613 2405 655 institutos
2438 639 2441 642 »

109 700 260 737 Ε’-886
265 704 487 736 demeum.

260 773 409 815 'Nam
435 775 469 815 si
508 762 654 816 verum
691 776 776 829 est,
822 773 938 825 quod
970 772 1221 815 Plutarchus
1253 772 1281 827 Ι)
1329 774 1549 814 memoriae
1586 772 1779 822 tradidit,
1837 771 2016 823 Cinean,
2067 775 2138 827 qni
2179 782 2203 816 a
2243 772 2406 828 Pyrrho
2478 788 2481 790 “

133 850 313 908 legatus
334 853 524 896 Romam
556 854 710 896 missus
740 857 873 903 esset,
905 853 957 895 ad
988 853 1190 896 Senatum
1221 853 1346 894 verba
1376 851 1601 894 facientem
1634 851 1784 894 Graeca
1816 852 1957 906 lingua
1992 864 2115 894 usum
2154 848 2247 895 esse
2279 855 2406 896 inter-

58 979 64 987 .
115 934 278 988 prete
296 932 416 975 ιιιιΗο
447 932 660 983 adhibito,
690 929 863 976 Graecae
894 932 1049 988 linguae
1079 931 1273 974 notitiam
1305 932 1384 973 etsi
1415 943 1502 973 non
1535 930 1713 982 multOS,
1754 935 1896 974 tamen
1927 932 2218 975 nobilissimos
2248 932 2405 977 Roma-
2443 973 2446 976 .

118 1007 325 1063 norum,
341 1012 444 1066 qui
492 1013 619 1055 rebus
661 1013 859 1068 gerendis
899 1024 944 1054 se
983 1011 1277 1062 tradidissent,
1321 1010 1523 1053 habuisse
1559 1023 1734 1053 necesse
1779 1014 1855 1053 est.
1925 1012 2025 1054 inde
2055 1017 2250 1068 apparet,
2290 1013 2406 1068 quod

0 1073 87 1150 5124}
147 1098 276 1154 nemo
306 1093 536 1142 dubitabit,
580 1094 686 1147 Jam
699 1097 795 1135 ante
825 1092 1030 1135 saeculum
1062 1096 1261 1145 quartum
1294 1095 1390 1133 ante
1422 1090 1638 1134 Christum
1677 1092 1904 1134 Romanis
1918 1104 2042 1134 usum
2083 1092 2268 1146 aliquem
2307 1106 2404 1136 cum

13 1205 40 1220 ἢ
151 1168 321 1214 Graecis·
343 1171 476 1214 fuisse
506 1176 634 1226 atque
665 1172 756 1214 fieri
787 1184 873 1214 non
902 1172 1115 1226 potuisse,
1146 1172 1249 1225 quin
1272 1163 1436 1213 Graecae
1467 1171 1774 1222 institutiones,
1824 1171 2019 1225 inprimis
2069 1183 2187 1214 sacra
2227 1173 2406 1216 deorum

0 1228 110 1302 δ’
151 1262 344 1307 qumque
355 1262 462 1295 cum·
494 1254 544 1294 iis
576 1253 800 1306 conjuncta
831 1258 990 1301 essent,
1021 1252 1198 1294 Romam
1230 1251 1572 1293 transferrentur.
1631 1251 1779 1304 Neque
1800 1263 1899 1293 vero
1921 1252 2009 1293 ludi
2041 1254 2149 1293 sacri
2182 1254 2327 1295 subito
2358 1266 2408 1296 ac

3 1337 69 1389 >2:51

26 1524 77 1549 <t
119 1546 123 1549 .

131 1332 255 1375 tot?
275 1344 309 1375 a
335 1330 498 1376 Graecis
544 1333 604 1375 ad
637 1332 853 1379 Romanos
900 1332 1323 1387 transmigraverunt,
1382 1330 1456 1373 sed
1503 1330 1704 1385 paulatim
1752 1333 1794 1374 et
1830 1330 2097 1386 pedetentim
2146 1332 2408 1379 incrementa

100 1402 378 1468 ceperunt,
434 1416 564 1468 prout
609 1423 676 1454 res
716 1412 827 1467 apud
872 1412 989 1467 ipsos
1026 1409 1199 1454 Graecos
1237 1411 1473 1466 augebatur
1517 1414 1558 1453 et
1597 1410 1774 1453 Romani
1819 1412 2108 1466 promptiores
2149 1411 2307 1457 fiebant
2356 1414 2409 1458 ad

151 1486 607 1536 novas'institutiones
639 1493 751 1546 apud
791 1504 836 1533 se
861 1492 1176 1544 suscipiendas:
1209 1504 1304 1545 quae
1335 1503 1403 1532 res
1445 1492 1723 1532 confirmatur
1754 1491 1897 1539 multis
1929 1487 2057 1540 locis,
2108 1494 2180 1546 qni
2212 1493 2413 1547 leguntur

4 1560 85 1633 'f'st
151 1566 274 1627 apud
302 1576 490 1615 veterum
530 1573 772 1626 scriptores.
831 1571 895 1614 Ex
928 1571 1082 1624 quibus
1116 1570 1465 1620 Livium-affero,
1505 1571 1577 1623 qui
1611 1570 1680 1612 lib.
1715 1571 1802 1617 vn.
1833 1571 1879 1620 2,
1913 1571 1938 1613 3
1969 1572 2062 1614 haec
2095 1572 2241 1614 habet:
2306 1607 2325 1626 Π
2338 1573 2401 1615 Eo

0 1637 123 1711 ·-”’ἷ.·«,,’»
151 1655 263 1696 emto
293 1649 410 1706 (364
430 1664 466 1694 a.
488 1649 610 1706 Chr.)
649 1650 736 1694 ludi
769 1662 944 1706 quoque
974 1651 1131 1695 scenici
1168 1673 1222 1680 -
1253 1662 1362 1693 nova
1392 1662 1461 1693 res
1480 1649 1698 1693 >bellicoso
1729 1650 1891 1705 populo
1927 1674 1975 1681 —
2007 1664 2105 1694 nam
2138 1652 2239 1695 circi
2272 1653 2402 1696 modo

6 1783 11 1790 ¹
64 1746 70 1752 ·
152 1732 445 1787 spectaculum
473 1731 630 1782 fuerat,
662 1732 772 1773 inter
802 1731 882 1774 alia
913 1731 1098 1784 coelestis
1129 1732 1204 1774 irae
1233 1730 1472 1786 placamine
1503 1731 1681 1773 instituti
1714 1720 1967 1779 dicuntur;‘¹
2022 1736 2065 1774 et
2095 1732 2169 1774 lib.
2200 1731 2264 1783 X,
2285 1732 2363 1784 47,
2384 1733 2408 1776 3

118 1812 340 1867 „eodem
372 1824 483 1854 anno
504 1810 618 1866 (293
640 1825 677 1854 a
697 1812 811 1866 Chr.)
843 1813 1033 1854 coronati
1064 1813 1249 1866 primum
1282 1812 1337 1853 ob
1368 1823 1437 1853 res
1469 1812 1575 1852 bene
1604 1814 1744 1865 gestas
1776 1811 1899 1853 ludos
1921 1812 2137 1854 Romanos
2160 1816 2405 1867 spectarunt

94 1891 397 1948 palmesque
432 1895 523 1936 tum
562 1892 749 1947 primum
789 1887 1009 1936 translato
1034 1904 1058 1935 e
1097 1890 1261 1936 Graecia
1304 1874 1426 1935 more
1466 1891 1697 1934 victoribus
1735 1891 1875 1934 datae⁰
1928 1897 1970 1934 et
1999 1893 2071 1935 lib.
2103 1893 2316 1940 XXXIX
2352 1894 2408 1936 22³.

0 1974 17 2019 j.
41 1990 85 2021 χ
157 1982 281 2061 ,ηιει
296 1972 386 2014 dies
417 1973 565 2014 decem
598 1972 723 2015 ludos
754 1984 930 2028 magnos
962 1972 1154 2022 Fulvius,
1187 1983 1296 2027 quos
1327 1974 1500 2014 voverat
1531 1970 1641 2013 bello
1659 1971 1868 2023 Aetolico,
1901 1971 2014 2015 fecit
2071 1972 2193 2016 Multi
2225 1973 2408 2017 artifices

153 2052 403 2096 exGraecia
434 2055 639 2095 venerunt
675 2052 850 2096 honoris
891 2053 982 2107 eJus
1020 2064 1161 2095 causa.
1228 2051 1494 2094 Athletarum
1534 2063 1708 2105 quoque
1740 2055 1955 2094 certamen
1984 2057 2070 2095 tam
2110 2054 2293 2107 primum
2326 2054 2408 2096 Ro·

85 2181 89 2184 ,
153 2131 291 2176 manis
335 2133 582 2186 spectaculo
612 2131 706 2175 ruit.
718 2132 737 2153 ‘¹
818 2132 1074 2174 Plutarchus
1111 2104 1316 2175 Catonem
1348 2131 1589 2174 Uticensem
1623 2132 1686 2184 (in
1727 2132 1796 2175 vit.
1834 2131 1947 2186 eJ‘us)
1993 2137 2136 2173 narrat
2182 2135 2405 2188 imaginem
2457 2166 2466 2171 ,

116 2210 355 2258 ludorum
378 2211 714 2267 Olympicorum
746 2212 928 2255 Romam
960 2210 1246 2262 transtulisse,
1284 2218 1417 2265 quum
1450 2211 1493 2253 in
1532 2202 1697 2253 theatro
1737 2212 1979 2265 spectacula
2020 2213 2222 2255 edidisset
2251 2218 2296 2255 et
2326 2215 2408 2255 vic-

116 2266 324 2353 ton'b'us
341 2303 440 2336 non
469 2303 642 2343 aureas,
673 2292 786 2336 sicut
815 2291 941 2344 oiim,
970 2291 1046 2336 sed
1078 2290 1314 2348 oleaginus,
1346 2290 1458 2335 sicut
1488 2291 1530 2333 in
1562 2288 1774 2347 Olympiis
1813 2303 1993 2335 coronas
2023 2293 2335 2348 proposuisset·
2367 2293 2408 2337 id
2455 2351 2459 2354 ἢ

97 2372 284 2427 quod
301 2372 558 2415 Plutarchus
595 2383 648 2413 ex
677 2373 854 2428 ingenio
893 2370 967 2414 illo
998 2372 1170 2427 quidem
1195 2370 1397 2423 Catonis,
1442 2371 1516 2412 sed
1554 2365 1706 2426 parum
1740 2381 1837 2413 vere
1874 2372 2042 2414 tradere
2072 2372 2248 2416 videtur.
2296 2373 2406 2417 Fer-

0 2457 113 2519 e*
152 2449 312 2508 {arque
332 2451 458 2495 Sulla
476 2437 670 2495 {Athletas
700 2457 743 2495 et
770 2454 935 2507 reliqua
960 2465 1020 2500 ‚ex
1040 2450 1251 2515 Olympiis
1282 2454 1510 2494 certamina
1534 2452 1712 2503 Romam
1745 2453 2003 2501 traduxisse,
2043 2453 2169 2495 veluti
2201 2453 2426 2497 solamina}

0 2580 104 2598 Ρ
108 2511 359 2586 qubd'a'm
402 2532 500 2574 beili
539 2533 814 2574 Mithridatici
861 2536 933 2574 aut
971 2533 1103 2574 Italici
1142 2544 1191 2574 ea
1231 2533 1506 2574 excusatione
1546 2532 1755 2581 adhibita,
1801 2533 1917 2585 quod
1957 2533 2160 2586 poputum
2204 2546 2227 2573 a
2266 2534 2409 2576 calore

87 2606 368 2697 ἐιιηιιῇιθ
398 2615 442 2655 et
469 2611 710 2666 refrigerari
742 2616 918 2665 cuperet
939 2611 1018 2667 2).

269 2691 489 2736 Fuerunt
525 2694 667 2735 autem
705 2691 995 2736 Romanorum
1026 2691 1115 2736 ludi
1145 2690 1326 2748 publici,
1369 2692 1405 2741 si
1446 2696 1489 2736 et
1519 2691 1675 2744 locum,
1708 2707 1793 2749 quo
1825 2693 2055 2736 edebantur
2085 2696 2126 2736 et
2155 2705 2306 2737 eorum
2337 2707 2410 2738 na-

122 2726 310 2829 tufam
324 2771 620 2826 rationemque
650 2775 915 2827 spectamus,
947 2774 1022 2815 aut
1050 2773 1262 2815 circenses
1293 2775 1366 2814 aut
1395 2771 1635 2849 gladiatorii
1667 2776 1739 2815 aut
1769 2773 1945 2815 scenici:
1977 2784 2086 2826 quos
2093 2761 2292 2827 quidam
2324 2778 2409 2818 Au-

95 2851 361 2911 gustinus
375 2849 420 2908 3)
448 2854 570 2895 notat
598 2851 838 2907 voluptates
868 2856 943 2895 aut
970 2853 1073 2896 circi
1104 2852 1298 2896 furientis
1330 2857 1404 2896 aut
1435 2864 1573 2896 caveae
1605 2853 1847 2896 insanientis
1877 2856 1950 2896 aut
1971 2864 2110 2900 scenae
2140 2852 2411 2919 lascivientis.

35 2930 84 2960 ιν
118 2940 121 2942 ’
136 2923 326 2977 Groeivo
342 2931 396 2974 de
424 2931 533 2987 legg.
563 2932 624 2983 Η,
657 2932 743 2983 15,
764 2932 827 2974 sic
857 2933 1064 2976 scribens:
1094 2932 1190 2975 Iam
1220 2933 1309 2975 iudi
1340 2933 1521 2987 publici,
1554 2934 1753 2987 quoniam
1770 2936 1868 2975 sunt
1888 2944 2015 2976 cavea
2047 2933 2257 2990 circoque
2273 2934 2416 2986 divisi,

40 3094 139 3170 jkssf‘s‘
161 3074 217 3148 «ι
241 3101 276 3144 ¹)
299 3098 461 3149 ‘Pyrr-h.
492 3109 543 3144 11.
573 3108 707 3147 15,’10.
732 3124 776 3132 —
857 3106 894 3148 2)
942 3101 1108 3152 Appian.
1135 3102 1224 3139 bell.
1250 3102 1328 3140 civ.
1353 3101 1423 3140 lib.
1448 3104 1477 3139 1.
1503 3112 1545 3131 --‘
1627 3106 1664 3147 ³)
1711 3102 1773 3138 De
1798 3101 1874 3140 civ.
1900 3104 1954 3148 11,
1977 3111 2010 3141 6.
2042 3111 2091 3142 17.
2115 3123 2159 3131 -—
