2583 3423
462 752 606 817 Num
648 772 769 837 qua
809 752 991 817 fuerit
1031 751 1193 835 apud
1233 714 1537 815 Romanos,
1575 769 1678 813 ars
1719 748 2116 832 gymnastico.

176 1028 182 1037 ·
222 997 234 1034 ”
309 981 472 1065 Quum
494 1022 599 1062 ‘ante
629 1020 792 1073 aliquot
820 1031 953 1074 annos
985 1018 1388 1061 commentationem
1420 1018 1719 1060 scholasticam
1759 1018 1812 1059 de
1852 1017 2099 1072 origineet
2118 1016 2280 1060 indole
2310 1017 2412 1061 artis

117 1084 430 1154 ''gymnasticae
460 1099 574 1153 apud
605 1097 781 1142 Graecos
811 1098 1066 1147 scriberem,
1111 1097 1296 1151 maxime
1325 1097 1546 1148 dolebam,
1578 1098 1693 1151 quod
1725 1096 1830 1139 mihi
1860 1100 2038 1151 propter
2066 1100 2271 1152 angustos
2300 1097 2415 1151 eius-

130 1183 137 1214 ἵ
158 1179 278 1233 *modi
314 1178 555 1221 libellorum
599 1179 704 1222 fines
744 1190 833 1221 non
872 1178 1047 1227 licebat,
1091 1190 1181 1219 rem
1212 1178 1270 1219 ita
1299 1180 1502 1227 tractare,
1545 1180 1594 1218 ut
1636 1178 1670 1218 si
1713 1177 1810 1230 quis
1853 1188 1958 1218 usus
2002 1175 2116 1219 illius
2157 1177 2260 1219 artis
2301 1176 2416 1230 apud
2468 1193 2471 1195 ·

56 1283 72 1306 ,ι
161 1242 385 1304 Romanos
407 1245 576 1309 fuisset}
599 1258 745 1311 >qualis
776 1257 848 1300 ille
876 1256 1047 1307 fuisset,
1079 1258 1281 1312 cognosci
1310 1261 1469 1310 posset.
1526 1257 1674 1310 ltaque
1706 1256 1802 1299 data
1832 1255 1914 1298 hac
1936 1256 2171 1305 occasione
2199 1255 2413 1299 scribendi

94 1392 95 1396 Ἰ
157 1318 329 1392 aliquid.
350 1348 440 1380 rem
471 1336 664 1380 relictam
694 1336 936 1379 retractabo
967 1339 1096 1390 atque
1120 1336 1169 1379 id
1198 1336 1470 1392 potissimum
1504 1347 1648 1391 agam,
1687 1338 1755 1386 ut,
1786 1335 1891 1390 quid
1917 1328 2157 1388 intercedat
2185 1335 2296 1379 inter
2323 1346 2414 1378 rem

124 1416 399 1474 “jzgymnicam
432 1414 682 1463 Graecorum
714 1420 759 1458 et
786 1416 1100 1466 Romanorum,
1132 1417 1311 1458 eluceat.

298 1497 362 1536 Ac
391 1495 577 1548 primum
599 1495 770 1547 quidem
792 1495 827 1536 si
848 1494 1102 1548 respicimus
1133 1495 1186 1537 ad
1207 1495 1325 1537 initia
1345 1496 1407 1537 rei
1435 1496 1663 1549 gymnicas,
1698 1495 1787 1549 jam
1809 1494 2117 1549 antiquissimis
2145 1494 2413 1550 temporibus

137 1568 399 1628 'reperimus
429 1575 542 1629 apud
573 1575 790 1617 Romanos
819 1586 907 1618 non
937 1575 1098 1626 minus,
1131 1588 1259 1629 quam
1291 1576 1403 1630 apud
1435 1573 1609 1618 Graecos
1639 1574 1772 1618 fuisse
1813 1575 2031 1618 institutos
2058 1575 2186 1618 ludos
2217 1574 2414 1622 solennes

32 1664 67 1698 ,ὲ
159 1655 321 1710 eosque
352 1656 540 1698 sacratos
571 1658 645 1698 aut
684 1654 879 1711 religioni
923 1655 1102 1699 deorum
1148 1659 1221 1699 aut
1269 1655 1489 1699 memoriae
1523 1656 1709 1698 virorum
1740 1655 1973 1698 clarommz
2024 1667 2211 1709 quorum
2242 1655 2413 1709 quidem

39 1754 47 1761 ι
158 1719 362 1777 ludorum
392 1735 452 1776 vis
481 1737 526 1776 et
552 1738 704 1775 natura
725 1733 813 1776 fere
833 1735 971 1788 posita
984 1738 1082 1776 -erat
1111 1735 1156 1776 in
1176 1735 1479 1778 certationibus
1509 1734 1764 1788 quibusdam
1787 1720 2039 1789 corporum,
2071 1735 2231 1790 quippe
2261 1735 2416 1789 quibus

150 1801 206 1856 et
229 1810 384 1869 'magna
401 1808 596 1859 ,deorum
626 1815 802 1856 numina
831 1817 874 1855 et
900 1815 1203 1867 sempiternam
1235 1814 1458 1856 hominum
1480 1814 1778 1856 defunctorum
1801 1815 2052 1856 memoriam
2078 1815 2244 1868 ,optime
2275 1814 2416 1862 colere

159 1895 206 1936 et
239 1884 470 1935 ‘celebrare
494 1895 656 1934 veteres
694 1892 774 1934 sibi
814 1893 1068 1935 viderentur.
1098 1894 1136 1942 ¹)
1194 1896 1336 1946 Atque
1366 1892 1401 1935 si
1432 1905 1560 1946 quam
1592 1892 1719 1936 fidem
1759 1892 1992 1935 habeamus
2023 1892 2176 1935 sabulis
2206 1893 2416 1947 mythicis‚
2442 1930 2451 1933 -
2484 1945 2486 1947 r
2526 1896 2527 1899 ’

41 1962 96 2018 :j
158 1959 326 2040 primas
352 1972 562 2027 eJ’usmodi
595 1984 825 2027 corporum
859 1973 1112 2016 certationes
1144 1972 1206 2015 vel
1237 1983 1395 2028 agones
1426 1971 1667 2029 gymnicos,
1714 1978 1759 2016 ut
1785 1974 1874 2028 Jam
1906 1973 2060 2018 Graeco
2096 1975 2268 2017 nomine
2303 1957 2417 2026 mr„

50 2063 57 2090 1
88 2049 94 2079 ἑ
120 2096 124 2098 ,
149 2060 200 2117 ἱὶι-
217 2052 420 2107 Romanis
452 2051 662 2095 exhibitas
691 2063 787 2093 esse
810 2052 951 2094 Livius
975 2052 1018 2101 2)
1049 2052 1194 2102 docet,
1219 2046 1359 2105 ‘quum
1389 2053 1603 2096 ludicrum
1634 2053 1738 2096 illud
1770 2053 2051 2103 celebrarent,
2074 2053 2200 2108 -quod
2221 2053 2430 2112 Evander,

144 2127 215 2175 fe'x
244 2133 427 2175 'Arcadia
458 2132 630 2174 allatum
670 2133 728 2174 ita
755 2133 1030 2182 instituisset,
1068 2136 1122 2174 ,ut
1162 2133 1264 2174 nudi
1290 2134 1465 2187 Juvenes
1498 2134 1697 2187 Lycaeum
1729 2134 1842 2175 Pana
1874 2137 2120 2176 venerantes
2151 2134 2228 2186 per
2262 2133 2413 2175 ludum

35 2195 103 2241 *²33*
145 2213 289 2268 atque
318 2211 534 2255 lasciviam
565 2215 797 2274 currerent.
857 2212 923 2255 Ex
943 2224 996 2256 eo
1016 2211 1113 2256 loco
1143 2212 1422 2267 perspicuum
1454 2217 1538 2264 est,
1570 2226 1766 2264 cursum,
1798 2217 1847 2257 ut
1874 2218 1966 2257 erat
1992 2214 2176 2257 maxime
2194 2212 2413 2266 naturalis,

28 2305 118 2343 ἡ
145 2277 219 2334 *ita
249 2291 442 2335 omnium
476 2292 669 2347 corporis
700 2292 1053 2336 exercitationum
1083 2291 1214 2335 fuisse
1242 2293 1446 2348 primam,
1478 2304 1562 2348 qua
1593 2293 1783 2336 instituta
1815 2292 2007 2349 corporis
2038 2292 2146 2335 vires
2175 2294 2219 2335 et
2247 2290 2415 2348 agilitas
2492 2286 2512 2301 ‘⁴

0 2373 105 2457 5151·
129 2370 135 2379 ‘
157 2371 342 2426 simplici
380 2373 565 2426 quadam
602 2374 777 2416 ratione
805 2377 848 2416 et
887 2373 1120 2416 examinari
1155 2378 1200 2415 et
1236 2374 1380 2428 augeri
1420 2385 1549 2427 posse
1586 2374 1848 2416 videbantur.
1917 2372 2046 2424 Quod
2084 2372 2198 2414 idem
2228 2371 2413 2416 valuisse

125 2450 286 2519 *apud
306 2450 482 2493 Graecos
512 2452 720 2494 docemur
749 2465 772 2494 a
800 2452 1043 2495 Pausania
1014 2453 1091 2508 3),
1122 2453 1195 2506 qui
1228 2454 1446 2496 memoriae
1475 2453 1684 2507 prodidit,
1716 2452 1926 2507 Olympiis
1955 2451 2008 2493 ab
2036 2451 2179 2506 lphito
2208 2451 2419 2505 insn'tutis

98 2531 439 2586 perinngum
471 2533 677 2585 temporis
707 2533 893 2586 spatium
924 2533 1134 2593 currendo
1163 2537 1329 2576 tantum
1358 2545 1452 2576 esse
1482 2537 1690 2576 certatum
1722 2537 1867 2585 atque,
1895 2535 2173 2612 posteaquam
2203 2530 2286 2572 alia
2316 2541 2410 2573 eer-
2414 2584 2421 2588 A
2501 2522 2504 2523 ⁷

129 2592 317 2657 :tamine
360 2612 658 2663 accessissent,
688 2611 814 2655 ludos
844 2624 918 2656 eos
950 2612 1122 2668 quidem
1154 2614 1364 2669 incepisse
1394 2627 1418 2657 a
1450 2625 1591 2656 cursu.

301 2690 467 2732 Deinde
503 2680 714 2734 notissimi
746 2696 844 2733 sunt
880 2691 966 2740 ludi
998 2692 1210 2735 solemnes
1235 2692 1284 2747 ⁴),
1323 2703 1432 2746 quos
1458 2691 1671 2734 Romulus
1700 2702 1775 2733 rex
1804 2689 2001 2745 Neptuno
2031 2689 2219 2743 equestri
2250 2660 2416 2745 paravit
2482 2701 2484 2703 ·

126 2761 465 2835 *et-„Consualia
497 2771 682 2826 vocavit:
713 2771 786 2825 qui
819 2770 966 2824 quales
993 2770 1174 2822 fuerint,
1206 2772 1285 2814 etsi
1316 2784 1402 2814 non
1432 2772 1533 2814 satis
1564 2771 1698 2825 liquet
1726 2781 1780 2813 ex
1799 2770 1942 2820 Livio,
1972 2768 2117 2813 tamen
2147 2769 2332 2814 curules
2349 2770 2426 2848 vel-¹

222 2953 278 2993 Ι)
329 2949 447 2986 Hom.
463 2947 511 2988 11
530 2950 680 2994 xxm,
705 2953 784 2989 262.
832 2950 1137 3000 Odyss.XX1V,
1158 2955 1216 2991 68.
1264 2952 1515 3002 Apollod.11‚
1539 2952 1573 2995 4,
1597 2952 1629 2989 4.
1647 2971 1689 2979 —
1748 2955 1787 2996 2)
1811 2949 1903 2988 Lib.
1914 2951 1950 2994 Ι,
1963 2949 2023 2994 C„
2047 2963 2076 2989 s
2127 2950 2293 2997 Dionys.
2306 2952 2340 2994 Ι,
2353 2908 2480 2987 ἃ),

332 3011 981 3066 ³)1v,4,4.‘v111,26,.3-
1041 3025 1077 3063 4>
1125 3021 1333 3066 Liv.,19
1372 3041 1415 3050 -
